% Encoding: UTF-8

@Book{HardyWright,
  author    = {G. H. Hardy, E. M. Wright},
  publisher = {Oxford University Press},
  title     = {An Introduction to the Theory of Numbers},
  year      = {2008},
  pages     = {310--353, 451--471},
}

@Book{LeVeque,
  author    = {W. J. LeVeque},
  publisher = {Addison-Wesley Publishing Company},
  title     = {Fundamentals of Number Theory},
  year      = {1977},
  pages     = {31--54},
}

@Book{Edwards,
  author    = {H. M. Edwards},
  publisher = {Academic Press},
  title     = {Riemann's Zeta function},
  year      = {1974},
  pages     = {6--7},
}

@Article{Villarino,
  author    = {M. B. Villarino},
  title     = {Mertens' proof of Mertens' theorem},
  journal   = {arXiv preprint math/0504289},
  year      = {2005},
}

@Article{Rosen,
  author    = {Michael Rosen},
  title     = {A generalization of Mertens' theorem},
  journal   = {Journal of the Ramanujan mathematical society},
  year      = {1999},
}

@Online{gamma,
  author = {E. W. Weisstein},
  title  = {Euler-Mascheroni Constant.},
  url    = {https://mathworld.wolfram.com/Euler-MascheroniConstant.html},
}